<?xml version='1.0' encoding='utf-8'?>
<record xmlns="http://www.loc.gov/MARC21/slim" xmlns:xsi="http://www.w3.org/2001/XMLSchema-instance">
  <leader>00000njm^a22^^^^^^a^4500</leader>
  <controlfield tag="001">004735651</controlfield>
  <controlfield tag="005">20041102095129.0</controlfield>
  <controlfield tag="007">sd^fsngnnnunnu</controlfield>
  <controlfield tag="008">040902s2004^^^^ilufmn^^^^^^^^^^^^^^eng^d</controlfield>
  <datafield tag="035" ind1=" " ind2=" ">
    <subfield code="a">(OCoLC)702904618</subfield>
  </datafield>
  <datafield tag="040" ind1=" " ind2=" ">
    <subfield code="a">MiU-H</subfield>
    <subfield code="c">MiU-H</subfield>
  </datafield>
  <datafield tag="100" ind1="1" ind2=" ">
    <subfield code="a">Murdock, Lee.</subfield>
    <subfield code="4">prf</subfield>
  </datafield>
  <datafield tag="245" ind1="1" ind2="0">
    <subfield code="a">Lake rhymes :</subfield>
    <subfield code="b">18 songs /</subfield>
    <subfield code="c">performed by Lee Murdock.</subfield>
  </datafield>
  <datafield tag="260" ind1=" " ind2=" ">
    <subfield code="a">[Kaneville, IL] :</subfield>
    <subfield code="b">Depot Recordings,</subfield>
    <subfield code="c">c2004.</subfield>
  </datafield>
  <datafield tag="300" ind1=" " ind2=" ">
    <subfield code="a">1 sound disc :</subfield>
    <subfield code="b">digital ;</subfield>
    <subfield code="c">28 cm. +</subfield>
    <subfield code="e">4 3/4 in.</subfield>
  </datafield>
  <datafield tag="500" ind1=" " ind2=" ">
    <subfield code="a">Compact disc.</subfield>
  </datafield>
  <datafield tag="500" ind1=" " ind2=" ">
    <subfield code="a">Accompanies: Murdock, Lee. Lake rhymes. Kaneville, IL : Depot Recordings Publications, 2004. 146 p. : ill., maps, music ; 28 cm.</subfield>
  </datafield>
  <datafield tag="505" ind1="0" ind2="0">
    <subfield code="t">The Erie Canal --</subfield>
    <subfield code="t">The Illinois and Michigan Canal --</subfield>
    <subfield code="t">Haul away Joe --</subfield>
    <subfield code="t">Rolling home --</subfield>
    <subfield code="t">The sailor's alphabet --</subfield>
    <subfield code="t">The lumberman's alphabet --</subfield>
    <subfield code="t">Deep blue horizon --</subfield>
    <subfield code="t">The Great Lakes song --</subfield>
    <subfield code="t">Follow the drinkin' gourd --</subfield>
    <subfield code="t">Shenandoah-Shenandore --</subfield>
    <subfield code="t">The Persia's crew --</subfield>
    <subfield code="t">Lost on the Lady Elgin --</subfield>
    <subfield code="t">Yankee Brown --</subfield>
    <subfield code="t">The housewife's lament --</subfield>
    <subfield code="t">The red iron ore --</subfield>
    <subfield code="t">The Christmas Ship --</subfield>
    <subfield code="t">The Bigler's crew --</subfield>
    <subfield code="t">The crack schooner Moonlight.</subfield>
  </datafield>
  <datafield tag="650" ind1=" " ind2="0">
    <subfield code="a">Folk songs</subfield>
    <subfield code="z">Great Lakes Region.</subfield>
  </datafield>
  <datafield tag="651" ind1=" " ind2="0">
    <subfield code="a">Great Lakes Region (North America)</subfield>
    <subfield code="v">Songs and music.</subfield>
  </datafield>
  <datafield tag="655" ind1=" " ind2="7">
    <subfield code="a">Sound recordings.</subfield>
    <subfield code="2">aat</subfield>
  </datafield>
  <datafield tag="852" ind1="8" ind2=" ">
    <subfield code="a">MiU-H</subfield>
    <subfield code="b">BENT</subfield>
    <subfield code="h">0491 Aa 2</subfield>
  </datafield>
  <datafield tag="997" ind1=" " ind2=" ">
    <subfield code="a">MARS</subfield>
  </datafield>
  <datafield tag="998" ind1=" " ind2=" ">
    <subfield code="a">LAC</subfield>
  </datafield>
  <datafield tag="955" ind1=" " ind2=" ">
    <subfield code="b">BENT</subfield>
    <subfield code="p">B1988707</subfield>
  </datafield>
</record>
